<?xml version="1.0" encoding="UTF-8"?><collection xmlns="http://www.loc.gov/MARC21/slim"><record><leader>00331nam--2200133-i-4500</leader><controlfield tag="001">000030197</controlfield><controlfield tag="002">20161230</controlfield><controlfield tag="005">20161230201038</controlfield><controlfield tag="008">060222s1000------------r-----000-0-eng-d</controlfield><datafield ind1=" " ind2=" " tag="080"><subfield code="a">535.37:543.4</subfield></datafield><datafield ind1=" " ind2=" " tag="245"><subfield code="a">Lunimescence spectroscopy</subfield></datafield><datafield ind1=" " ind2=" " tag="260"><subfield code="a">London, Academmic Press, 1978, Ix + 375p</subfield></datafield><datafield ind1=" " ind2=" " tag="700"><subfield code="a">Lumb, Michael D</subfield></datafield><datafield ind1=" " ind2=" " tag="852"><subfield code="a">46962</subfield></datafield></record></collection>